@online{csrc21,
    title={Cryptographic Algorithm Validation Program: CSRC},
    url={https://csrc.nist.gov/projects/cryptographic-algorithm-validation-program},
    journal={Computer Security Resource Center},
    publisher={National Institute of Standards and Technology},
    author={Computer Security Division, Information Technology Laboratory},
    addendum = "(Recuperado: 10.07.2021)",
    year={2021},
    month={Mar}
}

 @online{test_vectors,
  title={Test Vectors},
   url={https://www.cosic.esat.kuleuven.be/nessie/testvectors/},
   journal={Test Vectors},
   author={NESSIE}
}
